@article{degroot2002probability,
  title={Probability and statistics},
  author={DeGroot, Morris H},
  journal={Teste},
  year={2002}
} 